@article{kucukelbir2017automatic,
  title={Automatic differentiation {V}ariational {I}nference},
  author={Kucukelbir, Alp and Tran, Dustin and Ranganath, Rajesh and Gelman, Andrew and Blei, David M},
  journal={The Journal of Machine Learning Research},
  volume={18},
  number={1},
  pages={430--474},
  year={2017},
  publisher={JMLR. org}
}

@misc{Python,
 title={{P}ython: A dynamic, open source programming language. {P}ython {S}oftware {F}oundation},
 url={https://www.python.org/},
 journal={Python.org},
 author={Python Core Team},
 year={2019}
}

@misc{PyStan,
  title={{P}y{S}tan: the {P}ython interface to {S}tan, {V}ersion 2.17.1.0.},
  url={http://mc-stan.org},
  author={Stan Development Team},
  year={2018}
}

@misc{PyJAGS,
  title={{P}y{JAGS}: {T}he {P}ython {I}nterface to {JAGS}},
  url={https://github.com/tmiasko/pyjags},
  author={Tomasz Miąsko},
  year={2019}
}

@book{gelman2013bayesian,
  title={Bayesian data analysis},
  author={Gelman, Andrew and Carlin, John B and Stern, Hal S and Dunson, David B and Vehtari, Aki and Rubin, Donald B},
  year={2013},
  publisher={Chapman and Hall/CRC}
}

@inproceedings{liu2016representing,
  title={Representing {D}ocuments via {L}atent {K}eyphrase {I}nference},
  author={Liu, Jialu and Ren, Xiang and Shang, Jingbo and Cassidy, Taylor and Voss, Clare R and Han, Jiawei},
  booktitle={Proceedings of the 25th international conference on {W}orld {W}ide {W}eb},
  pages={1057--1067},
  year={2016},
  organization={International World Wide Web Conferences Steering Committee}
}

@article{passonneau2014benefits,
  title={The benefits of a model of annotation},
  author={Passonneau, Rebecca J and Carpenter, Bob},
  journal={Transactions of the Association for Computational Linguistics},
  volume={2},
  pages={311--326},
  year={2014},
  publisher={MIT Press}
}

@inproceedings{plummer2003jags,
  title={{JAGS}: A program for analysis of {B}ayesian graphical models using {G}ibbs sampling},
  author={Plummer, Martyn and others},
  booktitle={Proceedings of the 3rd international workshop on distributed statistical computing},
  volume={124},
  number={125},
  pages={10},
  year={2003},
  organization={Vienna, Austria.}
}

@article{carpenter2017stan,
  title={{S}tan: A probabilistic programming language},
  author={Carpenter, Bob and Gelman, Andrew and Hoffman, Matthew D and Lee, Daniel and Goodrich, Ben and Betancourt, Michael and Brubaker, Marcus and Guo, Jiqiang and Li, Peter and Riddell, Allen},
  journal={Journal of statistical software},
  volume={76},
  number={1},
  year={2017},
  publisher={Columbia Univ., New York, NY (United States); Harvard Univ., Cambridge, MA~…}
}

@book{rousseeuw2005robust,
  title={Robust regression and outlier detection},
  author={Rousseeuw, Peter J and Leroy, Annick M},
  volume={589},
  year={2005},
  publisher={John wiley \& sons}
}

@article{maddison2016concrete,
  title={The concrete distribution: A continuous relaxation of discrete random variables},
  author={Maddison, Chris J and Mnih, Andriy and Teh, Yee Whye},
  journal={arXiv preprint arXiv:1611.00712},
  year={2016}
}
